@article{Helgaker,
    author =       {T. Helgaker and J. Gauss and P. Jorgensen and J. Olsen},
    title =        {The prediction of molecular equilibrium structures by the standard
electronic wave functions},
    journal =      {The Journal of Chemical Physics},
    volume =       {106},
    number =       {15},
    pages =        {6430--6440},
    year =         {1997},
    DOI =          {10.1063/1.473634}
}

@article{DLPNOCC,
    author =       {C. Riplinger and F. Neese},
    title =        {An efficient and near linear scaling pair natural orbital based local coupled cluster
method},
    journal =      {The Journal of Chemical Physics},
    volume =       {138},
    number =       {3},
    pages =        {034106},
    year =         {2013},
    DOI =          {10.1063/1.4773581}

}

@book{reviews,
author = {T. Crawford and H. Schaefer},
publisher = {Wiley-Blackwell},
isbn = {9780470125915},
title = {An Introduction to Coupled Cluster Theory for Computational Chemists},
booktitle = {Reviews in Computational Chemistry},
pages = {33-136},
doi = {10.1002/9780470125915.ch2},
year = {2007},
}

@article{MP2,
author = {C. Pisani and M. Busso and G. Capecchi and S. Casassa and R. Dovesi and L. Maschio and C. Zicovich-Wilson and M. Schütz},
title = {Local-MP2 electron correlation method for nonconducting crystals},
journal = {The Journal of Chemical Physics},
volume = {122},
number = {9},
pages = {094113},
year = {2005},
doi = {10.1063/1.1857479}
}

@article{MEYER,
author = {W. Meyer},
title = {PNO–CI Studies of electron correlation effects. I. Configuration expansion by means of nonorthogonal orbitals, and application to the ground state and ionized states of methane},
journal = {The Journal of Chemical Physics},
volume = {58},
number = {3},
pages = {1017--1035},
year = {1973},
doi = {10.1063/1.1679283}
}

@article{LPNOCC,
author = {F. Neese and F. Wennmohs and A. Hansen},
title = {Efficient and accurate local approximations to coupled-electron pair approaches: An attempt to revive the pair natural orbital method},
journal = {The Journal of Chemical Physics},
volume= {130},
number= {11},
pages= {114108-2},
year = {2009},
doi = {10.1063/1.3086717}
}

@book{SO,
  title={Modern Quantum Chemistry: Introduction to Advanced Electronic Structure Theory},
  author={A. Szabo and N. S. Ostlund},
  isbn={9780486691862},
  lccn={lc96010775},
  series={Dover Books on Chemistry},
  url={https://books.google.ca/books?id=6mV9gYzEkgIC},
  year={1989},
  publisher={Dover Publications}
}

@article{sun,
    author =       {Q. Sun and T. C. Berkelbach and J. D. McClain and G. K.L. Chan},
    title =        {Gaussian and plane-wave mixed density fitting for periodic systems},
    journal =      {The Journal of Chemical Physics},
    volume =       {147},
    number =       {16},
    pages =        {164119},
    year =         {2017},
    DOI =          {10.1063/1.4998644}
}

@article{DLPNOCC2,
    author =       {M. Saitow and U. Becker and C. Riplinger and E. F. Valeev and F. Neese)},
    title =        {A new near-linear scaling, efficient and accurate, open-shell domain-based local pair natural orbital coupled cluster singles and doubles theory},
    journal =      {The Journal of Chemical Physics},
    volume =       {146},
    number =       {16},
    pages =        {164105},
    year =         {2017},
    DOI =          {10.1063/1.4998644}
}

@unpublished{alavi,
	author = {A. Alavi},
	title={Electrionic structure in the condensed state. Lectures 1-6: Part III},
	url={http://www-alavi.ch.cam.ac.uk/files/ESnotes.pdf},
	adress = {http://www-alavi.ch.cam.ac.uk/files/ESnotes.pdf},
	note = {http://www-alavi.ch.cam.ac.uk/files/ESnotes.pdf}
}


@article{HF,
author = { P. Echenique  and  J. L. Alonso },
title = {A mathematical and computational review of Hartree–Fock SCF methods in quantum chemistry},
journal = {Molecular Physics},
volume = {105},
number = {23-24},
pages = {3057-3098},
year  = {2007},
publisher = {Taylor & Francis},
doi = {10.1080/00268970701757875}
}

@book{212,
  title={Inorganic Chemistry},
  author={ G.L. Miessler and  P.J. Fischer and  D.A. Tarr},
  isbn={9780321811059},
  lccn={2012037305},
  series={Pearson advanced chemistry series},
  url={https://books.google.ca/books?id=EAR3MQEACAAJ},
  year={2014},
  publisher={Pearson}
}

@book{Abstract,
  title={Abstract Algebra: Theory and Applications},
  author={T.W. Judson},
  isbn={9781944325053},
  url={http://abstract.pugetsound.edu/download/aata-20160809.pdf},
  year={2017},
}

@ARTICLE{Ewald,
   author = {P. Ewald},
    title = {Die Berechnung optischer und elektrostatischer Gitterpotentiale},
  journal = {Annalen der Physik},
     year = {1921},
   volume = {369},
    pages = {253-287},
      doi = {10.1002/andp.19213690304},
   adsurl = {http://adsabs.harvard.edu/abs/1921AnP...369..253E},
  adsnote = {Provided by the SAO/NASA Astrophysics Data System}
}

@article{solidCCSD,
author = {J . McClain and Q. Sun and G. K.L. Chan, T. C. Berkelbach},
title = {Gaussian-Based Coupled-Cluster Theory for the Ground-State and Band Structure of Solids},
journal = {Journal of Chemical Theory and Computation},
volume = {13},
number = {3},
pages = {1209-1218},
year = {2017},
doi = {10.1021/acs.jctc.7b00049}
}





@article{Booth,
author = {G. H. Booth and T. Tsatsoulis and G. K.L. Chan and A. Grüneis},
title = {From plane waves to local Gaussians for the simulation of correlated periodic systems},
journal = {The Journal of Chemical Physics},
volume = {145},
number = {8},
pages = {084111},
year = {2016},
doi = {10.1063/1.4961301}

}
